%! Author = paulsen
%! Date = 11.09.23

@article{linux,
    author = {test},
    title = {Linux as a Book},
    journal = {journal},
    year = {123},
    url = {paulsenik.de},
}
